%  Formatting guide:
%
%  (at)article{key,
%    author  = {Surname, A. and Surname, B. C. and Surname, D.},
%    title   = {Titles are Written in Title Case},
%    note    = {Something Special about the Publication},
%    journal = {Full Name of the Journal in Title Case},
%    year    = {2000},
%    volume  = {1},
%    number  = {1},
%    pages   = {1--5},
%    url     = {http://optional.com}
%  }

@misc{key ,
    author = {Techopedia.com},
    title = {What Is Password Hardening? - Definition from Techopedia},
    howpublished = {\url{http://www.techopedia.com/definition/13667/password-hardening} (2005/06/12)}
}

@misc{key ,
    author = {Software Testing Help},
    title = {11 password Cracker Tools (password hacking software 2022)},
    howpublished = {\url{https://www.softwaretestinghelp.com/password-cracker-tools/} (2005/06/12)}
}

@misc{key ,
    author = {ohmybahgosh},
    title = {RockYou2021},
    howpublished = {Available at \url{https://github.com/ohmybahgosh/RockYou2021.txt} (2005/06/12)}
}

@misc{key ,
    author = {Openwall},
    title = {John the Ripper},
    howpublished = {Available at \url{https://github.com/openwall/john} (2005/06/12)}
}

@misc{key ,
    author = {Techopedia.com},
    title = {What Is Password Hardening? - Definition from Techopedia},
    howpublished = {Available at \url{http://www.techopedia.com/definition/13667/password-hardening} (2005/06/12)}
}

@misc{key ,
    author = {Imperva},
    title = {What is Social Engineering: Attack Techniques & Prevention Methods: Imperva},
    howpublished = {Available at \url{https://www.imperva.com/learn/application-security/social-engineering-attack/#:~:text=Social\%20engineering\%20is\%20the\%20 term,or\%20giving\%20away\%20sensitive\%20information.} (2005/06/12)}
}